<record><leader>00000cas a22000007a 4500</leader><controlfield tag="001">22526978</controlfield><controlfield tag="008">901017d188u188unyuwr ne      0    0eng d</controlfield><datafield ind1=" " ind2=" " tag="010"><subfield code="a">sn 90066537 </subfield></datafield><datafield ind1=" " ind2=" " tag="040"><subfield code="a">NYS</subfield><subfield code="b">eng</subfield><subfield code="c">NYS</subfield><subfield code="d">NYG</subfield><subfield code="d">OCLCQ</subfield></datafield><datafield ind1=" " ind2=" " tag="042"><subfield code="a">msc</subfield></datafield><datafield ind1="0" ind2="0" tag="245"><subfield code="a">Afton weekly enterprise.</subfield></datafield><datafield ind1="3" ind2="0" tag="246"><subfield code="a">Afton enterprise</subfield></datafield><datafield ind1=" " ind2=" " tag="260"><subfield code="a">Afton, Chenango Co., N.Y. :</subfield><subfield code="b">N.E. Barton</subfield></datafield><datafield ind1=" " ind2=" " tag="300"><subfield code="a">v. ;</subfield><subfield code="c">60 cm.</subfield></datafield><datafield ind1=" " ind2=" " tag="310"><subfield code="a">Weekly</subfield></datafield><datafield ind1=" " ind2=" " tag="500"><subfield code="a">Extra half-sheet ed., "Afton in ashes," published Aug. 4, 1884 with title: Afton enterprise.</subfield></datafield><datafield ind1=" " ind2=" " tag="588"><subfield code="a">Description based on: Vol. 2, no. 38 (July 6, 1882).</subfield></datafield><datafield ind1=" " ind2=" " tag="588"><subfield code="a">Latest issue consulted: Apr. 13, 1883.</subfield></datafield><datafield ind1=" " ind2="4" tag="651"><subfield code="a">Afton (N.Y.)</subfield><subfield code="v">Newspapers.</subfield></datafield><datafield ind1=" " ind2=" " tag="752"><subfield code="a">United States</subfield><subfield code="b">New York</subfield><subfield code="c">Chenango</subfield><subfield code="d">Afton.</subfield></datafield><datafield ind1="0" ind2="0" tag="780"><subfield code="t">Afton enterprise (Afton, N.Y. : 1881)</subfield><subfield code="w">(DLC)sn 94057836</subfield><subfield code="w">(OCoLC)30899702</subfield></datafield><datafield ind1="0" ind2="0" tag="785"><subfield code="t">Afton enterprise (Afton, N.Y.)</subfield><subfield code="w">(DLC)sn 90066538</subfield><subfield code="w">(OCoLC)22527063</subfield></datafield><datafield ind1="1" ind2=" " tag="029"><subfield code="a">AU@</subfield><subfield code="b">000025869890</subfield></datafield></record>